%<ref name="crawford16algorithm">Crawford, K. (2016). Can an algorithm be agonistic? Ten scenes from life in calculated publics. Science, Technology, & Human Values, 41(1), 77-92.</ref>
@article{crawford2016algorithm,
  title={Can an algorithm be agonistic? Ten scenes from life in calculated publics},
  author={Crawford, Kate},
  journal={Science, Technology, \& Human Values},
  volume={41},
  number={1},
  pages={77--92},
  year={2016},
  publisher={SAGE Publications Sage CA: Los Angeles, CA}
}
%<ref name="diakopoulos15algorithmic">Diakopoulos, N. (2015). Algorithmic accountability: Journalistic investigation of computational power structures. Digital Journalism, 3(3), 398-415.</ref>
@article{diakopoulos2015algorithmic,
  title={Algorithmic accountability: Journalistic investigation of computational power structures},
  author={Diakopoulos, Nicholas},
  journal={Digital Journalism},
  volume={3},
  number={3},
  pages={398--415},
  year={2015},
  publisher={Taylor \& Francis}
}
%<ref name="gillespie14relevance">Gillespie, T. (2014). The relevance of algorithms. Media technologies: Essays on communication, materiality, and society, 167.</ref>
@article{gillespie2014relevance,
  title={The relevance of algorithms},
  author={Gillespie, Tarleton},
  journal={Media technologies: Essays on communication, materiality, and society},
  volume={167},
  year={2014},
  publisher={MIT Press Cambridge, MA}
}
%<ref name="tufecki15algorithms">Tufekci, Z. (2015, February). Algorithms in our midst: Information, power and choice when software is everywhere. In Proceedings of the 18th ACM Conference on Computer Supported Cooperative Work & Social Computing (pp. 1918-1918). ACM.</ref>
@inproceedings{tufekci2015algorithms,
  title={Algorithms in our midst: Information, power and choice when software is everywhere},
  author={Tufekci, Zeynep},
  booktitle={Proceedings of the 18th ACM Conference on Computer Supported Cooperative Work \& Social Computing},
  pages={1918--1918},
  year={2015},
  organization={ACM}
}
%<ref name="halfaker15artificial">Halfaker, A., & Taraborelli, D. (2015). Artificial Intelligence Service “ORES” Gives Wikipedians X-Ray Specs to See Through Bad Edits.</ref>
@misc{halfaker2015artificial,
  title={Artificial Intelligence Service “ORES” Gives Wikipedians X-Ray Specs to See Through Bad Edits},
  author={Halfaker, Aaron and Taraborelli, Dario},
  year={2015},
  organization={Wikimedia Foundation blog},
  url={https://blog.wikimedia.org/2015/11/30/artificial-intelligence-x-ray-specs/}
}
%<ref name="dang16quality">Dang, Q. V., & Ignat, C. L. (2016, June). Quality assessment of Wikipedia articles without feature engineering. In Digital Libraries (JCDL), 2016 IEEE/ACM Joint Conference on (pp. 27-30). IEEE.</ref>
@inproceedings{dang2016quality,
  title={Quality assessment of wikipedia articles without feature engineering},
  author={Dang, Quang-Vinh and Ignat, Claudia-Lavinia},
  booktitle={Digital Libraries (JCDL), 2016 IEEE/ACM Joint Conference on},
  pages={27--30},
  year={2016},
  organization={IEEE}
}
%<ref name="lewoniewski17relative">Lewoniewski, W., Węcel, K., & Abramowicz, W. (2017, December). Relative Quality and Popularity Evaluation of Multilingual Wikipedia Articles. In Informatics (Vol. 4, No. 4, p. 43). Multidisciplinary Digital Publishing Institute.</ref>
@inproceedings{lewoniewski2017relative,
  title={Relative Quality and Popularity Evaluation of Multilingual Wikipedia Articles},
  author={Lewoniewski, W{\l}odzimierz and Wecel, Krzysztof and Abramowicz, Witold},
  booktitle={Informatics},
  volume={4},
  number={4},
  pages={43},
  year={2017},
  organization={Multidisciplinary Digital Publishing Institute}
}
%<ref name="rezguia17sigmergic">Rezguia, A., & Crowstonb, K. (2017). Stigmergic Coordination in Wikipedia. https://crowston.syr.edu/sites/crowston.syr.edu/files/Stigmergic%20coordination%20in%20wikpedia%20to%20distribute.pdf</ref>
@article{rezguia2017stigmergic,
  title={Stigmergic Coordination in Wikipedia},
  author={Rezguia, Amira and Crowstonb, Kevin},
  year={2017},
  booktitle={in press},
  url={https://crowston.syr.edu/sites/crowston.syr.edu/files/Stigmergic%20coordination%20in%20wikpedia%20to%20distribute.pdf}
}
%<ref name="hutchinson03technology">Hutchinson, H., Mackay, W., Westerlund, B., Bederson, B. B., Druin, A., Plaisant, C., ... & Roussel, N. (2003, April). Technology probes: inspiring design for and with families. In Proceedings of the SIGCHI conference on Human factors in computing systems (pp. 17-24). ACM.</ref>
@inproceedings{hutchinson2003technology,
  title={Technology probes: inspiring design for and with families},
  author={Hutchinson, Hilary and Mackay, Wendy and Westerlund, Bo and Bederson, Benjamin B and Druin, Allison and Plaisant, Catherine and Beaudouin-Lafon, Michel and Conversy, St{\'e}phane and Evans, Helen and Hansen, Heiko and others},
  booktitle={Proceedings of the SIGCHI conference on Human factors in computing systems},
  pages={17--24},
  year={2003},
  organization={ACM}
}
%<ref name="terveen14study">Terveen, L., Konstan, J. A., & Lampe, C. (2014). Study, Build, Repeat: Using Online Communities as a Research Platform. In Ways of Knowing in HCI (pp. 95-117). Springer, New York, NY.</ref>
@incollection{terveen2014study,
  title={Study, Build, Repeat: Using Online Communities as a Research Platform},
  author={Terveen, Loren and Konstan, Joseph A and Lampe, Cliff},
  booktitle={Ways of Knowing in HCI},
  pages={95--117},
  year={2014},
  publisher={Springer}
}
%<ref name="sandvig14auditing">Sandvig, C., Hamilton, K., Karahalios, K., & Langbort, C. (2014). Auditing algorithms: Research methods for detecting discrimination on internet platforms. Data and discrimination: converting critical concerns into productive inquiry, 1-23.</ref>
@article{sandvig2014auditing,
  title={Auditing algorithms: Research methods for detecting discrimination on internet platforms},
  author={Sandvig, Christian and Hamilton, Kevin and Karahalios, Karrie and Langbort, Cedric},
  journal={Data and discrimination: converting critical concerns into productive inquiry},
  pages={1--23},
  year={2014}
}
%<ref name="spinuzzi00genre">Spinuzzi, C., & Zachry, M. (2000). Genre ecologies: An open-system approach to understanding and constructing documentation. ACM Journal of Computer Documentation (JCD), 24(3), 169-181.</ref>
@article{spinuzzi2000genre,
  title={Genre ecologies: An open-system approach to understanding and constructing documentation},
  author={Spinuzzi, Clay and Zachry, Mark},
  journal={ACM Journal of Computer Documentation (JCD)},
  volume={24},
  number={3},
  pages={169--181},
  year={2000},
  publisher={ACM}
}
%<ref name="morgan10negotiating">Morgan, J. T., & Zachry, M. (2010, November). Negotiating with angry mastodons: the wikipedia policy environment as genre ecology. In Proceedings of the 16th ACM international conference on Supporting group work (pp. 165-168). ACM.</ref>
@inproceedings{morgan2010negotiating,
  title={Negotiating with angry mastodons: the wikipedia policy environment as genre ecology},
  author={Morgan, Jonathan T and Zachry, Mark},
  booktitle={Proceedings of the 16th ACM international conference on Supporting group work},
  pages={165--168},
  year={2010},
  organization={ACM}
}
%<ref name="lessig99code">Lessig, L. (1999). Code: And other laws of cyberspace. New York: Basic, ISBN=0-465-03913-8.</ref>
@book{lessig1999code,
  title={Code: And other laws of cyberspace},
  author={Lessig, Lawrence},
  year={1999},
  publisher={Basic Books},
  isbn={0-465-03913-8}
}
%<ref name="geiger11lives">Geiger, R. S. (2011) The Lives of Bots. In Critical Point of View: A Wikipedia Reader, G. Lovink and N. Tkacz, eds., Institute of Network Cultures, (pp. 78-79)</ref>
@incollection{geiger2011lives,
  title={The lives of bots},
  author={Geiger, R Stuart},
  year={2011},
  booktitle={Critical Point of View: A Wikipedia Reader},
  publisher={Institute of Network Cultures},
  address={Amsterdam},
  url={http://stuartgeiger.com/lives-of-bots-wikipedia-cpov.pdf},
  pages={78--93}
}
@inproceedings{geiger2012defense,
  title={Defense Mechanism or Socialization Tactic? Improving Wikipedia's Notifications to Rejected Contributors},
  author={Geiger, R Stuart and Halfaker, Aaron and Pinchuk, Maryana and Walling, Steven},
  booktitle={Proceedings of the Sixth International AAAI Conference on Weblogs and Social Media},
  url={http://stuartgeiger.com/papers/defense-mechanism-icwsm.pdf},
  year={2012}
}
%<ref name="halfaker14snuggle">Halfaker, A., Geiger, R. S., & Terveen, L. G. (2014, April). Snuggle: Designing for efficient socialization and ideological critique. In Proceedings of the SIGCHI conference on human factors in computing systems (pp. 311-320). ACM.</ref>
@inproceedings{halfaker2014snuggle,
  title={Snuggle: Designing for efficient socialization and ideological critique},
  author={Halfaker, Aaron and Geiger, R Stuart and Terveen, Loren G},
  booktitle={Proceedings of the SIGCHI conference on human factors in computing systems},
  pages={311--320},
  year={2014},
  organization={ACM}
}
%<ref name="geiger10work"></ref>
@inproceedings{geiger2010work,
  title={The work of sustaining order in wikipedia: the banning of a vandal},
  author={Geiger, R Stuart and Ribes, David},
  booktitle={Proceedings of the 2010 ACM conference on Computer supported cooperative work},
  pages={117--126},
  year={2010},
  organization={ACM}
}
%<ref name="geiger13levee">Geiger, R. S., & Halfaker, A. (2013, August). When the levee breaks: without bots, what happens to Wikipedia's quality control processes?. In Proceedings of the 9th International Symposium on Open Collaboration (p. 6). ACM.</ref>
@inproceedings{geiger2013levee,
  title={When the levee breaks: without bots, what happens to Wikipedia's quality control processes?},
  author={Geiger, R Stuart and Halfaker, Aaron},
  booktitle={Proceedings of the 9th International Symposium on Open Collaboration},
  pages={6},
  year={2013},
  organization={ACM}
}
%<ref name="haraway88situated">Haraway, D. 1988. “Situated Knowledges: The Science Question in Feminism and the Privilege of Partial Perspective.” Feminist Studies, Vol. 14, No.3. (Autumn, 1988), pp. 575-599.</ref>
@article{haraway1988situated,
  title={Situated knowledges: The science question in feminism and the privilege of partial perspective},
  author={Haraway, Donna},
  journal={Feminist studies},
  volume={14},
  number={3},
  pages={575--599},
  year={1988},
  publisher={JSTOR}
}
%<ref name="harding87science">Harding, S. 1987. The Science Question in Feminism. Ithaca: Cornell University Press.</ref>
@book{harding1987feminism,
  title={Feminism and methodology: Social science issues},
  author={Harding, Sandra G},
  year={1987},
  publisher={Indiana University Press}
}
%<ref name="geiger14successor">Geiger, R.S. (2014, October 22-24). Successor systems: the role of reflexive algorithms in enacting ideological critique. Paper presented at Internet Research 15: The 15th Annual Meeting of the Association of Internet Researchers. Daegu, Korea: AoIR. Retrieved from [http://spir.aoir.org/ http://spir.aoir.org].</ref>
@article{geiger2014successor,
  title={Successor Systems: The Role of Reflexive Algorithms in Enacting Ideological Critique},
  author={Geiger, R Stuart},
  journal={AoIR Selected Papers of Internet Research},
  url={https://spir.aoir.org/index.php/spir/article/download/942/611},
  volume={4},
  year={2014}
}
%<ref name="morgan13tea">Morgan, J. T., Bouterse, S., Walls, H., & Stierch, S. (2013, February). Tea and sympathy: crafting positive new user experiences on wikipedia. In Proceedings of the 2013 conference on Computer supported cooperative work (pp. 839-848). ACM.</ref>
@inproceedings{morgan2013tea,
  title={Tea and sympathy: crafting positive new user experiences on wikipedia},
  author={Morgan, Jonathan T and Bouterse, Siko and Walls, Heather and Stierch, Sarah},
  booktitle={Proceedings of the 2013 conference on Computer supported cooperative work},
  pages={839--848},
  year={2013},
  organization={ACM}
}
%<ref name="ross16visualizing">Ross, Sage. (2016) Visualizing article history with Structural Completeness, WikiEdu blog. https://wikiedu.org/blog/2016/09/16/visualizing-article-history-with-structural-completeness/</ref>
@misc{ross2016visualizing,
  title={Visualizing article history with Structural Completeness},
  author={Ross, Sage},
  year={2016},
  organization={Wiki Education Foundation blog},
  url={https://wikiedu.org/blog/2016/09/16/visualizing-article-history-with-structural-completeness/}
}
%<ref name="cosley07suggestbot">Cosley, D., Frankowski, D., Terveen, L., & Riedl, J. (2007, January). SuggestBot: using intelligent task routing to help people find work in wikipedia. In Proceedings of the 12th international conference on Intelligent user interfaces (pp. 32-41). ACM.</ref>
@inproceedings{cosley2007suggestbot,
  title={SuggestBot: using intelligent task routing to help people find work in wikipedia},
  author={Cosley, Dan and Frankowski, Dan and Terveen, Loren and Riedl, John},
  booktitle={Proceedings of the 12th international conference on Intelligent user interfaces},
  pages={32--41},
  year={2007},
  organization={ACM}
}
%<ref name="halfaker16notes">Halfaker, Aaron. (2016) Notes on writing a Vandalism Detection paper.  http://socio-technologist.blogspot.com/2016/01/notes-on-writing-wikipedia-vandalism.html</ref>
@misc{halfaker2016notes,
  title={Notes on writing a Vandalism Detection paper},
  author={Halfaker, Aaron},
  year={2016},
  organization={Socio-Technologist blog},
  url={http://socio-technologist.blogspot.com/2016/01/notes-on-writing-wikipedia-vandalism.html}
}
%<ref name="halfaker13rise">Halfaker, A., Geiger, R. S., Morgan, J. T., & Riedl, J. (2013). The rise and decline of an open collaboration system: How Wikipedia’s reaction to popularity is causing its decline. American Behavioral Scientist, 57(5), 664-688.</ref>
@article{halfaker2013rise,
  title={The rise and decline of an open collaboration system: How Wikipedia's reaction to popularity is causing its decline},
  author={Halfaker, Aaron and Geiger, R Stuart and Morgan, Jonathan T and Riedl, John},
  journal={American Behavioral Scientist},
  volume={57},
  number={5},
  pages={664--688},
  year={2013},
  publisher={Sage Publications Sage CA: Los Angeles, CA}
}
%<ref name="morgan18evaluating">Morgan, J. T. & Halfaker, A. Evaluating the impact of the Wikipedia Teahouse on newcomer socialization and retention. In press.</ref>
@article{morgan2018evaluating,
  title={Evaluating the impact of the Wikipedia Teahouse on newcomer socialization and retention},
  author={Morgan, Jonathan T. and Halfaker, Aaron},
  journal={in press},
  year={2018}
}
%<ref name="sarabadani17building">Sarabadani, A., Halfaker, A., & Taraborelli, D. (2017, April). Building automated vandalism detection tools for Wikidata. In ''Proceedings of the 26th International Conference on World Wide Web Companion'' (pp. 1647-1654). International World Wide Web Conferences Steering Committee.</ref>
@inproceedings{sarabadani2017building,
  title={Building automated vandalism detection tools for Wikidata},
  author={Sarabadani, Amir and Halfaker, Aaron and Taraborelli, Dario},
  booktitle={Proceedings of the 26th International Conference on World Wide Web Companion},
  pages={1647--1654},
  year={2017},
  organization={International World Wide Web Conferences Steering Committee}
}
%<ref name="wang17english">Warncke-Wang, Morten (2017): English Wikipedia Quality Asssessment Dataset. figshare. Fileset. https://doi.org/10.6084/m9.figshare.1375406.v2</ref>
@inproceedings{wang2017english,
  title={English Wikipedia Quality Asssessment Dataset},
  author={Warncke-Wang, Morten },
  booktitle={Fileset},
  year={2017},
  organization={Figshare}
}
%<ref name="halfaker17automated">Halfaker, A. Automated classification of edit quality: Worklog 2017-05-04, https://meta.wikimedia.org/wiki/Research_talk:Automated_classification_of_edit_quality/Work_log/2017-05-04</ref>
@misc{halfaker2017automated,
  title={Automated classification of edit quality (worklog, 2017-05-04)},
  author={Halfaker, Aaron},
  year={2017},
  organization={Wikimedia Research},
  url={https://meta.wikimedia.org/wiki/Research_talk:Automated_classification_of_edit_quality/Work_log/2017-05-04}
}
%<ref name="halfaker17interpolating">Halfaker, A. (2017, August). Interpolating quality dynamics in wikipedia and demonstrating the keilana effect. In Proceedings of the 13th International Symposium on Open Collaboration (p. 19). ACM.</ref>
@inproceedings{halfaker2017interpolating,
  title={Interpolating Quality Dynamics in Wikipedia and Demonstrating the Keilana Effect},
  author={Halfaker, Aaron},
  booktitle={Proceedings of the 13th International Symposium on Open Collaboration},
  pages={19},
  year={2017},
  organization={ACM}
}
%<ref name="jacobi08cluebot">Carter, Jacobi. "ClueBot and vandalism on Wikipedia." (2008).</ref>
@misc{carter2008cluebot,
  title={ClueBot and vandalism on Wikipedia},
  author={Carter, Jacobi},
  year={2008},
  url={https://web.archive.org/web/20120305082714/http://www.acm.uiuc.edu/~carter11/ClueBot.pdf}
}
%<ref name="kroll16accountable">Kroll, J. A., Barocas, S., Felten, E. W., Reidenberg, J. R., Robinson, D. G., & Yu, H. (2016). Accountable algorithms. U. Pa. L. Rev., 165, 633.</ref>
@article{kroll2016accountable,
  title={Accountable algorithms},
  author={Kroll, Joshua A and Barocas, Solon and Felten, Edward W and Reidenberg, Joel R and Robinson, David G and Yu, Harlan},
  journal={U. Pa. L. Rev.},
  volume={165},
  pages={633},
  year={2016},
  publisher={HeinOnline}
}
%<ref name="potthast08automatic">Potthast, M., Stein, B., & Gerling, R. (2008, March). Automatic vandalism detection in Wikipedia. In European conference on information retrieval (pp. 663-668). Springer, Berlin, Heidelberg.</ref>
@inproceedings{potthast2008automatic,
  title={Automatic vandalism detection in Wikipedia},
  author={Potthast, Martin and Stein, Benno and Gerling, Robert},
  booktitle={European conference on information retrieval},
  pages={663--668},
  year={2008},
  organization={Springer}
}
%<ref name="adler11wikipedia">Adler, B. T., De Alfaro, L., Mola-Velasco, S. M., Rosso, P., & West, A. G. (2011, February). Wikipedia vandalism detection: Combining natural language, metadata, and reputation features. In International Conference on Intelligent Text Processing and Computational Linguistics (pp. 277-288). Springer, Berlin, Heidelberg.</ref>
@inproceedings{adler2011wikipedia,
  title={Wikipedia vandalism detection: Combining natural language, metadata, and reputation features},
  author={Adler, B Thomas and De Alfaro, Luca and Mola-Velasco, Santiago M and Rosso, Paolo and West, Andrew G},
  booktitle={International Conference on Intelligent Text Processing and Computational Linguistics},
  pages={277--288},
  year={2011},
  organization={Springer}
}
%<ref name="west10stiki">West, A. G., Kannan, S., & Lee, I. (2010, July). Stiki: an anti-vandalism tool for wikipedia using spatio-temporal analysis of revision metadata. In Proceedings of the 6th International Symposium on Wikis and Open Collaboration (p. 32). ACM.</ref>
@inproceedings{west2010stiki,
  title={STiki: an anti-vandalism tool for Wikipedia using spatio-temporal analysis of revision metadata},
  author={West, Andrew G and Kannan, Sampath and Lee, Insup},
  booktitle={Proceedings of the 6th International Symposium on Wikis and Open Collaboration},
  pages={32},
  year={2010},
  organization={ACM}
}
%<ref name="halfaker12bots">Halfaker, A., & Riedl, J. (2012). Bots and cyborgs: Wikipedia's immune system. Computer, 45(3), 79-82.</ref>
@article{halfaker2012bots,
  title={Bots and cyborgs: Wikipedia's immune system},
  author={Halfaker, Aaron and Riedl, John},
  journal={Computer},
  volume={45},
  number={3},
  pages={79--82},
  year={2012},
  publisher={IEEE}
}
#<ref name="hill14consider">Hill, B. M., & Shaw, A. (2014, August). Consider the redirect: A missing dimension of Wikipedia research. In Proceedings of The International Symposium on Open Collaboration (p. 28). ACM.</ref>
@inproceedings{hill2014consider,
  title={Consider the redirect: A missing dimension of Wikipedia research},
  author={Hill, Benjamin Mako and Shaw, Aaron},
  booktitle={Proceedings of The International Symposium on Open Collaboration},
  pages={28},
  year={2014},
  organization={ACM}
}
%<ref name="wang15misalignment">Warncke-Wang, M., Ranjan, V., Terveen, L. G., & Hecht, B. J. (2015, May). Misalignment Between Supply and Demand of Quality Content in Peer Production Communities. In ICWSM (pp. 493-502).</ref>
@inproceedings{wang2015misalignment,
  title={Misalignment Between Supply and Demand of Quality Content in Peer Production Communities.},
  author={Warncke-Wang, Morten and Ranjan, Vivek and Terveen, Loren G and Hecht, Brent J},
  booktitle={ICWSM},
  pages={493--502},
  year={2015}
}
%<ref name="wang13tell">Warncke-Wang, M., Cosley, D., & Riedl, J. (2013, August). Tell me more: an actionable quality model for Wikipedia. In Proceedings of the 9th International Symposium on Open Collaboration (p. 8). ACM.</ref>
@inproceedings{wang2013tell,
  title={Tell me more: an actionable quality model for Wikipedia},
  author={Warncke-Wang, Morten and Cosley, Dan and Riedl, John},
  booktitle={Proceedings of the 9th International Symposium on Open Collaboration},
  pages={8},
  year={2013},
  organization={ACM}
}
%<ref name="wang14screening">https://meta.wikimedia.org/wiki/Research:Screening_WikiProject_Medicine_articles_for_quality</ref>
@misc{wang2014screening,
  title={Screening WikiProject Medicine articles for quality},
  author={Warncke-Wang, Morten and Halfaker, Aaron},
  year={2017},
  organization={Wikimedia Research},
  url={https://meta.wikimedia.org/wiki/Research:Screening_WikiProject_Medicine_articles_for_quality}
}
%<ref name="narayan15effects">Narayan, S., Orlowitz, J., Morgan, J. T., & Shaw, A. (2015, February). Effects of a Wikipedia Orientation Game on New User Edits. In Proceedings of the 18th ACM Conference Companion on Computer Supported Cooperative Work & Social Computing (pp. 263-266). ACM.</ref>
@inproceedings{narayan2015effects,
  title={Effects of a Wikipedia Orientation Game on New User Edits},
  author={Narayan, Sneha and Orlowitz, Jake and Morgan, Jonathan T and Shaw, Aaron},
  booktitle={Proceedings of the 18th ACM Conference Companion on Computer Supported Cooperative Work \& Social Computing},
  pages={263--266},
  year={2015},
  organization={ACM}
}
@article{mugar2017preserving,
  title={Preserving the Margins: Supporting Creativity and Resistance on Digital Participatory Platforms},
  author={Mugar, Gabriel},
  journal={Proceedings of the ACM on Human-Computer Interaction},
  volume={1},
  number={CSCW},
  pages={83},
  year={2017},
  publisher={ACM}
}
%<ref name="morgan2015what">{{Cite web|url=https://blog.wikimedia.org/2015/05/28/what-we-learned-from-the-inspire-campaign/|title=What we learned from the Inspire campaign to increase gender diversity on Wikimedia – Wikimedia Blog|website=blog.wikimedia.org|language=en|accessdate=2018-04-19}}</ref>
@misc{morgan2015what,
  title={What we learned from the Inspire campaign to increase gender diversity on Wikimedia},
  author={Morgan, Jonathan T.},
  year={2015},
  organization={Wikimedia Blog},
  url={ttps://blog.wikimedia.org/2015/05/28/what-we-learned-from-the-inspire-campaign/}
}
%<ref name="spinuzzi2003tracing" />https://mitpress.mit.edu/books/tracing-genres-through-organizations</ref>
@book{spinuzzi2003tracing,
  title={Tracing genres through organizations: A sociocultural approach to information design},
  author={Spinuzzi, Clay},
  volume={1},
  year={2003},
  publisher={Mit Press}
}
%<ref name="morton85journey">Morton, Nelle. "The Journey is Home." Boston: Beacon (1985).</ref>
@book{morton1985journey,
  title={The Journey is Home},
  author={Morton, Nelle},
  publisher={Beacon Press},
  year={1985}
}
@book{zuboff1988age,
  title={In the age of the smart machine: The future of work and power},
  author={Zuboff, Shoshana},
  volume={186},
  year={1988},
  publisher={Basic books New York}
}
@article{orlikowski2015algorithm,
  title={The algorithm and the crowd: Considering the materiality of service innovation},
  author={Orlikowski, Wanda and Scott, Susan V},
  year={2015},
  publisher={University of Minnesota}
}
@book{suchman2007human,
  title={Human-machine reconfigurations: Plans and situated actions},
  author={Suchman, Lucy},
  year={2007},
  publisher={Cambridge University Press}
}
@inproceedings{teblunthuis2018revisiting,
  title={Revisiting The Rise and Decline in a Population of Peer Production Projects},
  author={TeBlunthuis, Nathan and Shaw, Aaron and Hill, Benjamin Mako},
  booktitle={Proceedings of the 2018 CHI Conference on Human Factors in Computing Systems},
  pages={355},
  year={2018},
  organization={ACM}
}
@inproceedings{resnick1994grouplens,
  title={GroupLens: an open architecture for collaborative filtering of netnews},
  author={Resnick, Paul and Iacovou, Neophytos and Suchak, Mitesh and Bergstrom, Peter and Riedl, John},
  booktitle={Proceedings of the 1994 ACM conference on Computer supported cooperative work},
  pages={175--186},
  year={1994},
  organization={ACM}
}
@inproceedings{star1994steps,
  title={Steps towards an ecology of infrastructure: complex problems in design and access for large-scale collaborative systems},
  author={Star, Susan Leigh and Ruhleder, Karen},
  booktitle={Proceedings of the 1994 ACM conference on Computer supported cooperative work},
  pages={253--264},
  year={1994},
  organization={ACM}
}
@inproceedings{gentner1990good,
  title={Why good engineers (sometimes) create bad interfaces},
  author={Gentner, Donald R and Grudin, Jonathan},
  booktitle={Proceedings of the SIGCHI Conference on Human factors in Computing Systems},
  pages={277--282},
  year={1990},
  organization={ACM}
}
@inproceedings{dourish2006implications,
  title={Implications for design},
  author={Dourish, Paul},
  booktitle={Proceedings of the SIGCHI conference on Human Factors in computing systems},
  pages={541--550},
  year={2006},
  organization={ACM}
}
@inproceedings{grudin1988cscw,
  title={Why CSCW applications fail: problems in the design and evaluationof organizational interfaces},
  author={Grudin, Jonathan},
  booktitle={Proceedings of the 1988 ACM conference on Computer-supported cooperative work},
  pages={85--93},
  year={1988},
  organization={ACM}
}
@inproceedings{irani2013turkopticon,
  title={Turkopticon: Interrupting worker invisibility in amazon mechanical turk},
  author={Irani, Lilly C and Silberman, M},
  booktitle={Proceedings of the SIGCHI conference on human factors in computing systems},
  pages={611--620},
  year={2013},
  organization={ACM}
}
@article{bowker1999sorting,
  title={Sorting things out},
  author={Bowker, Geoffrey and Star, Susan Leigh},
  journal={Classification and its consequences},
  year={1999},
  publisher={MIT Press Cambridge, Mass.[ua]}
}
@incollection{rogers1997reconfiguring,
  title={Reconfiguring the social scientist: Shifting from telling designers what to do to getting more involved},
  author={Rogers, Yvonne},
  booktitle={Social Science, Technical Systems, and Cooperative Work: Beyond the Great Divide},
  editor={Bowker, Geoffrey and Star, Susan Leigh and Gasser, LEs and Turner, William},
  pages={57--77},
  year={1997},
  publisher={Lawrence Erlbaum Associates},
  location={London}
}
@article{kolko2018divisiveness,
  author = {Kolko, Jon},
  doi = {10.1145/3194313},
  issn = {10725520},
  journal = {Interactions},
  number = {3},
  pages = {28--34},
  publisher = {ACM},
  title = {{The divisiveness of design thinking}},
  url = {http://dl.acm.org/citation.cfm?doid=3209963.3194313},
  volume = {25},
  year = {2018}
}
@inproceedings{grudin1990computer,
  author = {Grudin, Jonathan},
  title = {The Computer Reaches out: The Historical Continuity of Interface Design},
  booktitle = {Proceedings of the SIGCHI Conference on Human Factors in Computing Systems},
  series = {CHI '90},
  year = {1990},
  isbn = {0-201-50932-6},
  location = {Seattle, Washington, USA},
  pages = {261--268},
  numpages = {8},
  url = {http://doi.acm.org/10.1145/97243.97284},
  doi = {10.1145/97243.97284},
  acmid = {97284},
  publisher = {ACM},
  address = {New York, NY, USA}
}
@article{norman2010technology,
  author = {Norman, Donald A.},
  title = {Technology First, Needs Last: The Research-Product Gulf},
  journal = {Interactions},
  issue_date = {March + April 2010},
  volume = {17},
  number = {2},
  year = {2010},
  issn = {1072-5520},
  pages = {38--42},
  url = {http://doi.acm.org/10.1145/1699775.1699784},
  doi = {10.1145/1699775.1699784},
  acmid = {1699784},
  publisher = {ACM},
  address = {New York, NY, USA}
}
@article{barocas2013governing,
  title={Governing algorithms: A provocation piece},
  author={Barocas, Solon and Hood, Sophie and Ziewitz, Malte},
  year={2013},
  url={https://papers.ssrn.com/sol3/papers.cfm?abstract_id=2245322},
  journal = {SSRN. Paper presented at Governing Algorithms conference.}
}

@article{diakopoulos2017algorithmic,
author = {Nicholas Diakopoulos and Michael Koliska},
title = {Algorithmic Transparency in the News Media},
journal = {Digital Journalism},
volume = {5},
number = {7},
pages = {809-828},
year  = {2017},
publisher = {Routledge},
doi = {10.1080/21670811.2016.1208053},
URL = {https://doi.org/10.1080/21670811.2016.1208053}
}

@article{kitchin2017thinking,
author = {Kitchin, Rob},
doi = {10.1080/1369118X.2016.1154087},
issn = {1369-118X},
journal = {Information, Communication {\&} Society},
number = {1},
pages = {14--29},
publisher = {Routledge},
title = {{Thinking critically about and researching algorithms}},
url = {https://www.tandfonline.com/doi/full/10.1080/1369118X.2016.1154087},
volume = {20},
year = {2017}
}

@article{seaver2017algorithms,
author = {Seaver, Nick},
doi = {10.1177/2053951717738104},
issn = {2053-9517},
journal = {Big Data {\&} Society},
number = {2},
title = {{Algorithms as culture: Some tactics for the ethnography of algorithmic systems}},
url = {http://journals.sagepub.com/doi/10.1177/2053951717738104},
volume = {4},
year = {2017}
}

@book{gillespie2018custodians,
author = {Tarleton Gillespie},
title = {Custodians of the internet : platforms, content moderation, and the hidden decisions that shape social media},
publisher = {Yale University Press},
address = {New Haven},
year={2018}
}
@inproceedings{feldman2015certifying,
  title={Certifying and removing disparate impact},
  author={Feldman, Michael and Friedler, Sorelle A and Moeller, John and Scheidegger, Carlos and Venkatasubramanian, Suresh},
  booktitle={Proceedings of the 21th ACM SIGKDD International Conference on Knowledge Discovery and Data Mining},
  pages={259--268},
  year={2015},
  organization={ACM}
}
@inproceedings{lam2011wp,
  title={WP: clubhouse?: an exploration of Wikipedia's gender imbalance},
  author={Lam, Shyong Tony K and Uduwage, Anuradha and Dong, Zhenhua and Sen, Shilad and Musicant, David R and Terveen, Loren and Riedl, John},
  booktitle={Proceedings of the 7th international symposium on Wikis and open collaboration},
  pages={1--10},
  year={2011},
  organization={ACM}
}
@article{graham2014uneven,
  title={Uneven geographies of user-generated information: Patterns of increasing informational poverty},
  author={Graham, Mark and Hogan, Bernie and Straumann, Ralph K and Medhat, Ahmed},
  journal={Annals of the Association of American Geographers},
  volume={104},
  number={4},
  pages={746--764},
  year={2014},
  publisher={Taylor \& Francis}
}

@article{geiger2017beyond,
author = {R. Stuart Geiger},
title ={Beyond opening up the black box: Investigating the role of algorithmic systems in Wikipedian organizational culture},
journal = {Big Data \& Society},
volume = {4},
number = {2},
pages = {2053951717730735},
year = {2017},
doi = {10.1177/2053951717730735},

URL = { 
        https://doi.org/10.1177/2053951717730735
    
},

}
